<?xml version="1.0" encoding="UTF-8"?><collection xmlns="http://www.loc.gov/MARC21/slim"><record><leader>00346nam--2200145-i-4500</leader><controlfield tag="001">000025045</controlfield><controlfield tag="002">20161230</controlfield><controlfield tag="005">20161230201035</controlfield><controlfield tag="008">060222s1000------------r-----000-0-eng-d</controlfield><datafield ind1=" " ind2=" " tag="080"><subfield code="a">5</subfield></datafield><datafield ind1=" " ind2=" " tag="100"><subfield code="a">Hoyle, Fred</subfield></datafield><datafield ind1=" " ind2=" " tag="245"><subfield code="a">The new face of science</subfield></datafield><datafield ind1=" " ind2=" " tag="260"><subfield code="a">New York, An Nal Book, 1971.130p</subfield></datafield><datafield ind1=" " ind2=" " tag="490"><subfield code="a">Perspective In Humanism</subfield></datafield><datafield ind1=" " ind2=" " tag="852"><subfield code="a">36880</subfield></datafield></record></collection>